@article{NDGB,
  title = {Deep G-Buffers for Stable Global Illumination Approximation},
  author = {M. Mara, M. McGuire, D. Nowrouzezahrai, D. Luebke},
  journal = {High Performance Graphics},
  year = {2016},
  publisher = {NVIDIA},
}

@article{P2PATH,
  title = {The Path to Path-Traced Movies},
  author = {Per H. Christensen, Wojciech Jarosz},
  journal = {Foundations and Trends R in Computer Graphics and Vision},
  volume = {10},
  year = {2014},
  publisher = {now - the essence of knowledge},
}

@article{DST,
  title = {Deferred Shading Tutorial},
  author = {Fabio Policarpo, Francisco Fonseca},
  publisher = {Pontifical Catholic University of Rio de Janeiro ICAD/Igames/VisionLab},
}

@article{RAD,
  title = {Introduction to Radiosity},
  author = {John F. Hughes, Andries van Dam},
  journal = {EECS 487: Interactive Computer Graphics},
  publisher = {Brown University},
}

@article{NOIT,
  title = {Interactive Order-Independent Transparency},
  author = {Cass Everitt},
  journal = {NVIDIA OpenGL Applications Engineering},
  publisher = {NVIDIA},
}